<?xml version="1.0" encoding="UTF-8"?><collection xmlns="http://www.loc.gov/MARC21/slim"><record><leader>00392nam--2200133-i-4500</leader><controlfield tag="001">000024656</controlfield><controlfield tag="002">20161230</controlfield><controlfield tag="005">20161230201035</controlfield><controlfield tag="008">060222s1000------------r-----000-0-eng-d</controlfield><datafield ind1=" " ind2=" " tag="080"><subfield code="a">539.213.1(043)</subfield></datafield><datafield ind1=" " ind2=" " tag="100"><subfield code="a">Harrn, Daniel</subfield></datafield><datafield ind1=" " ind2=" " tag="245"><subfield code="a">Contribution a l`etude thermodynamique des solutions aqueuses qui vitrifient a  basse temperature. these</subfield></datafield><datafield ind1=" " ind2=" " tag="260"><subfield code="a">Pau, Univ. 1976. 146 P</subfield></datafield><datafield ind1=" " ind2=" " tag="852"><subfield code="a">77923</subfield></datafield></record></collection>